%YAML 1.1
%TAG !u! tag:unity3d.com,2011:
--- !u!1 &710448147646688334
GameObject:
  m_ObjectHideFlags: 0
  m_CorrespondingSourceObject: {fileID: 0}
  m_PrefabInstance: {fileID: 0}
  m_PrefabAsset: {fileID: 0}
  serializedVersion: 6
  m_Component:
  - component: {fileID: 5240819627733240841}
  - component: {fileID: 3568839306768478933}
  - component: {fileID: 2251304779920977705}
  - component: {fileID: 1955293038901772100}
  m_Layer: 0
  m_Name: TerrainCube
  m_TagString: TerrainCube
  m_Icon: {fileID: 0}
  m_NavMeshLayer: 0
  m_StaticEditorFlags: 0
  m_IsActive: 1
--- !u!4 &5240819627733240841
Transform:
  m_ObjectHideFlags: 0
  m_CorrespondingSourceObject: {fileID: 0}
  m_PrefabInstance: {fileID: 0}
  m_PrefabAsset: {fileID: 0}
  m_GameObject: {fileID: 710448147646688334}
  m_LocalRotation: {x: -0, y: -0, z: -0, w: 1}
  m_LocalPosition: {x: 5, y: -5.03, z: 5}
  m_LocalScale: {x: 10, y: 10, z: 10}
  m_Children: []
  m_Father: {fileID: 895966859631115577}
  m_RootOrder: 0
  m_LocalEulerAnglesHint: {x: 0, y: 0, z: 0}
--- !u!33 &3568839306768478933
MeshFilter:
  m_ObjectHideFlags: 0
  m_CorrespondingSourceObject: {fileID: 0}
  m_PrefabInstance: {fileID: 0}
  m_PrefabAsset: {fileID: 0}
  m_GameObject: {fileID: 710448147646688334}
  m_Mesh: {fileID: 10202, guid: 0000000000000000e000000000000000, type: 0}
--- !u!23 &2251304779920977705
MeshRenderer:
  m_ObjectHideFlags: 0
  m_CorrespondingSourceObject: {fileID: 0}
  m_PrefabInstance: {fileID: 0}
  m_PrefabAsset: {fileID: 0}
  m_GameObject: {fileID: 710448147646688334}
  m_Enabled: 1
  m_CastShadows: 1
  m_ReceiveShadows: 1
  m_DynamicOccludee: 1
  m_MotionVectors: 1
  m_LightProbeUsage: 1
  m_ReflectionProbeUsage: 1
  m_RayTracingMode: 2
  m_RayTraceProcedural: 0
  m_RenderingLayerMask: 1
  m_RendererPriority: 0
  m_Materials:
  - {fileID: 2100000, guid: ff8243825fcc57d40a42804d202a86b3, type: 2}
  m_StaticBatchInfo:
    firstSubMesh: 0
    subMeshCount: 0
  m_StaticBatchRoot: {fileID: 0}
  m_ProbeAnchor: {fileID: 0}
  m_LightProbeVolumeOverride: {fileID: 0}
  m_ScaleInLightmap: 1
  m_ReceiveGI: 1
  m_PreserveUVs: 0
  m_IgnoreNormalsForChartDetection: 0
  m_ImportantGI: 0
  m_StitchLightmapSeams: 1
  m_SelectedEditorRenderState: 3
  m_MinimumChartSize: 4
  m_AutoUVMaxDistance: 0.5
  m_AutoUVMaxAngle: 89
  m_LightmapParameters: {fileID: 0}
  m_SortingLayerID: 0
  m_SortingLayer: 0
  m_SortingOrder: 0
  m_AdditionalVertexStreams: {fileID: 0}
--- !u!65 &1955293038901772100
BoxCollider:
  m_ObjectHideFlags: 0
  m_CorrespondingSourceObject: {fileID: 0}
  m_PrefabInstance: {fileID: 0}
  m_PrefabAsset: {fileID: 0}
  m_GameObject: {fileID: 710448147646688334}
  m_Material: {fileID: 0}
  m_IsTrigger: 0
  m_Enabled: 1
  serializedVersion: 2
  m_Size: {x: 1, y: 1, z: 1}
  m_Center: {x: 0, y: 0, z: 0}
--- !u!1 &895966859631115580
GameObject:
  m_ObjectHideFlags: 0
  m_CorrespondingSourceObject: {fileID: 0}
  m_PrefabInstance: {fileID: 0}
  m_PrefabAsset: {fileID: 0}
  serializedVersion: 6
  m_Component:
  - component: {fileID: 895966859631115577}
  - component: {fileID: 895966859631115578}
  - component: {fileID: 895966859631115579}
  m_Layer: 0
  m_Name: L_3Gate
  m_TagString: Untagged
  m_Icon: {fileID: 0}
  m_NavMeshLayer: 0
  m_StaticEditorFlags: 4294967295
  m_IsActive: 1
--- !u!4 &895966859631115577
Transform:
  m_ObjectHideFlags: 0
  m_CorrespondingSourceObject: {fileID: 0}
  m_PrefabInstance: {fileID: 0}
  m_PrefabAsset: {fileID: 0}
  m_GameObject: {fileID: 895966859631115580}
  m_LocalRotation: {x: 0, y: 0, z: 0, w: 1}
  m_LocalPosition: {x: 0, y: 0, z: 0}
  m_LocalScale: {x: 1, y: 1, z: 1}
  m_Children:
  - {fileID: 5240819627733240841}
  - {fileID: 4572621591684578088}
  - {fileID: 4393829993444680270}
  - {fileID: 200699735832220092}
  - {fileID: 240752834225098429}
  - {fileID: 6756020711724269081}
  m_Father: {fileID: 0}
  m_RootOrder: 0
  m_LocalEulerAnglesHint: {x: 0, y: 0, z: 0}
--- !u!218 &895966859631115578
Terrain:
  m_ObjectHideFlags: 0
  m_CorrespondingSourceObject: {fileID: 0}
  m_PrefabInstance: {fileID: 0}
  m_PrefabAsset: {fileID: 0}
  m_GameObject: {fileID: 895966859631115580}
  m_Enabled: 1
  serializedVersion: 6
  m_TerrainData: {fileID: 15600000, guid: 3e0c3df0798606f44b8a7a6a6b34aad5, type: 2}
  m_TreeDistance: 5000
  m_TreeBillboardDistance: 50
  m_TreeCrossFadeLength: 5
  m_TreeMaximumFullLODCount: 50
  m_DetailObjectDistance: 80
  m_DetailObjectDensity: 1
  m_HeightmapPixelError: 5
  m_SplatMapDistance: 1000
  m_HeightmapMaximumLOD: 0
  m_ShadowCastingMode: 2
  m_DrawHeightmap: 1
  m_DrawInstanced: 0
  m_DrawTreesAndFoliage: 1
  m_ReflectionProbeUsage: 1
  m_MaterialTemplate: {fileID: 2100000, guid: ff8243825fcc57d40a42804d202a86b3, type: 2}
  m_BakeLightProbesForTrees: 1
  m_PreserveTreePrototypeLayers: 0
  m_DeringLightProbesForTrees: 1
  m_ScaleInLightmap: 0.0256
  m_LightmapParameters: {fileID: 15203, guid: 0000000000000000f000000000000000, type: 0}
  m_GroupingID: 0
  m_RenderingLayerMask: 1
  m_AllowAutoConnect: 1
--- !u!154 &895966859631115579
TerrainCollider:
  m_ObjectHideFlags: 0
  m_CorrespondingSourceObject: {fileID: 0}
  m_PrefabInstance: {fileID: 0}
  m_PrefabAsset: {fileID: 0}
  m_GameObject: {fileID: 895966859631115580}
  m_Material: {fileID: 0}
  m_Enabled: 1
  m_TerrainData: {fileID: 15600000, guid: 3e0c3df0798606f44b8a7a6a6b34aad5, type: 2}
  m_EnableTreeColliders: 1
--- !u!1001 &1376257702824919964
PrefabInstance:
  m_ObjectHideFlags: 0
  serializedVersion: 2
  m_Modification:
    m_TransformParent: {fileID: 895966859631115577}
    m_Modifications:
    - target: {fileID: 1283653773843829280, guid: ca538a8ab77df944d93c3b307e2126f6,
        type: 3}
      propertyPath: m_LocalPosition.x
      value: 4.54
      objectReference: {fileID: 0}
    - target: {fileID: 1283653773843829280, guid: ca538a8ab77df944d93c3b307e2126f6,
        type: 3}
      propertyPath: m_LocalPosition.y
      value: 0
      objectReference: {fileID: 0}
    - target: {fileID: 1283653773843829280, guid: ca538a8ab77df944d93c3b307e2126f6,
        type: 3}
      propertyPath: m_LocalPosition.z
      value: 6.56
      objectReference: {fileID: 0}
    - target: {fileID: 1283653773843829280, guid: ca538a8ab77df944d93c3b307e2126f6,
        type: 3}
      propertyPath: m_LocalRotation.x
      value: -0
      objectReference: {fileID: 0}
    - target: {fileID: 1283653773843829280, guid: ca538a8ab77df944d93c3b307e2126f6,
        type: 3}
      propertyPath: m_LocalRotation.y
      value: 1
      objectReference: {fileID: 0}
    - target: {fileID: 1283653773843829280, guid: ca538a8ab77df944d93c3b307e2126f6,
        type: 3}
      propertyPath: m_LocalRotation.z
      value: -0
      objectReference: {fileID: 0}
    - target: {fileID: 1283653773843829280, guid: ca538a8ab77df944d93c3b307e2126f6,
        type: 3}
      propertyPath: m_LocalRotation.w
      value: 0
      objectReference: {fileID: 0}
    - target: {fileID: 1283653773843829280, guid: ca538a8ab77df944d93c3b307e2126f6,
        type: 3}
      propertyPath: m_RootOrder
      value: 3
      objectReference: {fileID: 0}
    - target: {fileID: 1283653773843829280, guid: ca538a8ab77df944d93c3b307e2126f6,
        type: 3}
      propertyPath: m_LocalEulerAnglesHint.x
      value: 0
      objectReference: {fileID: 0}
    - target: {fileID: 1283653773843829280, guid: ca538a8ab77df944d93c3b307e2126f6,
        type: 3}
      propertyPath: m_LocalEulerAnglesHint.y
      value: 180
      objectReference: {fileID: 0}
    - target: {fileID: 1283653773843829280, guid: ca538a8ab77df944d93c3b307e2126f6,
        type: 3}
      propertyPath: m_LocalEulerAnglesHint.z
      value: 0
      objectReference: {fileID: 0}
    - target: {fileID: 3802199718609603042, guid: ca538a8ab77df944d93c3b307e2126f6,
        type: 3}
      propertyPath: m_Name
      value: Knight__Base
      objectReference: {fileID: 0}
    m_RemovedComponents: []
  m_SourcePrefab: {fileID: 100100000, guid: ca538a8ab77df944d93c3b307e2126f6, type: 3}
--- !u!4 &200699735832220092 stripped
Transform:
  m_CorrespondingSourceObject: {fileID: 1283653773843829280, guid: ca538a8ab77df944d93c3b307e2126f6,
    type: 3}
  m_PrefabInstance: {fileID: 1376257702824919964}
  m_PrefabAsset: {fileID: 0}
--- !u!1001 &3254538299711631470
PrefabInstance:
  m_ObjectHideFlags: 0
  serializedVersion: 2
  m_Modification:
    m_TransformParent: {fileID: 895966859631115577}
    m_Modifications:
    - target: {fileID: 1283653773843829280, guid: ca538a8ab77df944d93c3b307e2126f6,
        type: 3}
      propertyPath: m_LocalPosition.x
      value: 5.39
      objectReference: {fileID: 0}
    - target: {fileID: 1283653773843829280, guid: ca538a8ab77df944d93c3b307e2126f6,
        type: 3}
      propertyPath: m_LocalPosition.y
      value: 0
      objectReference: {fileID: 0}
    - target: {fileID: 1283653773843829280, guid: ca538a8ab77df944d93c3b307e2126f6,
        type: 3}
      propertyPath: m_LocalPosition.z
      value: 6.63
      objectReference: {fileID: 0}
    - target: {fileID: 1283653773843829280, guid: ca538a8ab77df944d93c3b307e2126f6,
        type: 3}
      propertyPath: m_LocalRotation.x
      value: -0
      objectReference: {fileID: 0}
    - target: {fileID: 1283653773843829280, guid: ca538a8ab77df944d93c3b307e2126f6,
        type: 3}
      propertyPath: m_LocalRotation.y
      value: 1
      objectReference: {fileID: 0}
    - target: {fileID: 1283653773843829280, guid: ca538a8ab77df944d93c3b307e2126f6,
        type: 3}
      propertyPath: m_LocalRotation.z
      value: -0
      objectReference: {fileID: 0}
    - target: {fileID: 1283653773843829280, guid: ca538a8ab77df944d93c3b307e2126f6,
        type: 3}
      propertyPath: m_LocalRotation.w
      value: 0
      objectReference: {fileID: 0}
    - target: {fileID: 1283653773843829280, guid: ca538a8ab77df944d93c3b307e2126f6,
        type: 3}
      propertyPath: m_RootOrder
      value: 2
      objectReference: {fileID: 0}
    - target: {fileID: 1283653773843829280, guid: ca538a8ab77df944d93c3b307e2126f6,
        type: 3}
      propertyPath: m_LocalEulerAnglesHint.x
      value: 0
      objectReference: {fileID: 0}
    - target: {fileID: 1283653773843829280, guid: ca538a8ab77df944d93c3b307e2126f6,
        type: 3}
      propertyPath: m_LocalEulerAnglesHint.y
      value: 180
      objectReference: {fileID: 0}
    - target: {fileID: 1283653773843829280, guid: ca538a8ab77df944d93c3b307e2126f6,
        type: 3}
      propertyPath: m_LocalEulerAnglesHint.z
      value: 0
      objectReference: {fileID: 0}
    - target: {fileID: 3802199718609603042, guid: ca538a8ab77df944d93c3b307e2126f6,
        type: 3}
      propertyPath: m_Name
      value: Knight__Base (3)
      objectReference: {fileID: 0}
    m_RemovedComponents: []
  m_SourcePrefab: {fileID: 100100000, guid: ca538a8ab77df944d93c3b307e2126f6, type: 3}
--- !u!4 &4393829993444680270 stripped
Transform:
  m_CorrespondingSourceObject: {fileID: 1283653773843829280, guid: ca538a8ab77df944d93c3b307e2126f6,
    type: 3}
  m_PrefabInstance: {fileID: 3254538299711631470}
  m_PrefabAsset: {fileID: 0}
--- !u!1001 &3361166716438505736
PrefabInstance:
  m_ObjectHideFlags: 0
  serializedVersion: 2
  m_Modification:
    m_TransformParent: {fileID: 895966859631115577}
    m_Modifications:
    - target: {fileID: 1283653773843829280, guid: ca538a8ab77df944d93c3b307e2126f6,
        type: 3}
      propertyPath: m_LocalPosition.x
      value: 6.35
      objectReference: {fileID: 0}
    - target: {fileID: 1283653773843829280, guid: ca538a8ab77df944d93c3b307e2126f6,
        type: 3}
      propertyPath: m_LocalPosition.y
      value: 0
      objectReference: {fileID: 0}
    - target: {fileID: 1283653773843829280, guid: ca538a8ab77df944d93c3b307e2126f6,
        type: 3}
      propertyPath: m_LocalPosition.z
      value: 6.56
      objectReference: {fileID: 0}
    - target: {fileID: 1283653773843829280, guid: ca538a8ab77df944d93c3b307e2126f6,
        type: 3}
      propertyPath: m_LocalRotation.x
      value: -0
      objectReference: {fileID: 0}
    - target: {fileID: 1283653773843829280, guid: ca538a8ab77df944d93c3b307e2126f6,
        type: 3}
      propertyPath: m_LocalRotation.y
      value: 1
      objectReference: {fileID: 0}
    - target: {fileID: 1283653773843829280, guid: ca538a8ab77df944d93c3b307e2126f6,
        type: 3}
      propertyPath: m_LocalRotation.z
      value: -0
      objectReference: {fileID: 0}
    - target: {fileID: 1283653773843829280, guid: ca538a8ab77df944d93c3b307e2126f6,
        type: 3}
      propertyPath: m_LocalRotation.w
      value: 0
      objectReference: {fileID: 0}
    - target: {fileID: 1283653773843829280, guid: ca538a8ab77df944d93c3b307e2126f6,
        type: 3}
      propertyPath: m_RootOrder
      value: 1
      objectReference: {fileID: 0}
    - target: {fileID: 1283653773843829280, guid: ca538a8ab77df944d93c3b307e2126f6,
        type: 3}
      propertyPath: m_LocalEulerAnglesHint.x
      value: 0
      objectReference: {fileID: 0}
    - target: {fileID: 1283653773843829280, guid: ca538a8ab77df944d93c3b307e2126f6,
        type: 3}
      propertyPath: m_LocalEulerAnglesHint.y
      value: 180
      objectReference: {fileID: 0}
    - target: {fileID: 1283653773843829280, guid: ca538a8ab77df944d93c3b307e2126f6,
        type: 3}
      propertyPath: m_LocalEulerAnglesHint.z
      value: 0
      objectReference: {fileID: 0}
    - target: {fileID: 3802199718609603042, guid: ca538a8ab77df944d93c3b307e2126f6,
        type: 3}
      propertyPath: m_Name
      value: Knight__Base (4)
      objectReference: {fileID: 0}
    m_RemovedComponents: []
  m_SourcePrefab: {fileID: 100100000, guid: ca538a8ab77df944d93c3b307e2126f6, type: 3}
--- !u!4 &4572621591684578088 stripped
Transform:
  m_CorrespondingSourceObject: {fileID: 1283653773843829280, guid: ca538a8ab77df944d93c3b307e2126f6,
    type: 3}
  m_PrefabInstance: {fileID: 3361166716438505736}
  m_PrefabAsset: {fileID: 0}
--- !u!1001 &4579350709418594722
PrefabInstance:
  m_ObjectHideFlags: 0
  serializedVersion: 2
  m_Modification:
    m_TransformParent: {fileID: 895966859631115577}
    m_Modifications:
    - target: {fileID: 4384901129825410835, guid: f8d094b201f66b241819d36737966d31,
        type: 3}
      propertyPath: m_Name
      value: Tree (4)
      objectReference: {fileID: 0}
    - target: {fileID: 4384901129825410847, guid: f8d094b201f66b241819d36737966d31,
        type: 3}
      propertyPath: m_LocalPosition.x
      value: 7.5
      objectReference: {fileID: 0}
    - target: {fileID: 4384901129825410847, guid: f8d094b201f66b241819d36737966d31,
        type: 3}
      propertyPath: m_LocalPosition.y
      value: 0
      objectReference: {fileID: 0}
    - target: {fileID: 4384901129825410847, guid: f8d094b201f66b241819d36737966d31,
        type: 3}
      propertyPath: m_LocalPosition.z
      value: 6.5
      objectReference: {fileID: 0}
    - target: {fileID: 4384901129825410847, guid: f8d094b201f66b241819d36737966d31,
        type: 3}
      propertyPath: m_LocalRotation.x
      value: -0
      objectReference: {fileID: 0}
    - target: {fileID: 4384901129825410847, guid: f8d094b201f66b241819d36737966d31,
        type: 3}
      propertyPath: m_LocalRotation.y
      value: -0
      objectReference: {fileID: 0}
    - target: {fileID: 4384901129825410847, guid: f8d094b201f66b241819d36737966d31,
        type: 3}
      propertyPath: m_LocalRotation.z
      value: -0
      objectReference: {fileID: 0}
    - target: {fileID: 4384901129825410847, guid: f8d094b201f66b241819d36737966d31,
        type: 3}
      propertyPath: m_LocalRotation.w
      value: 1
      objectReference: {fileID: 0}
    - target: {fileID: 4384901129825410847, guid: f8d094b201f66b241819d36737966d31,
        type: 3}
      propertyPath: m_RootOrder
      value: 4
      objectReference: {fileID: 0}
    - target: {fileID: 4384901129825410847, guid: f8d094b201f66b241819d36737966d31,
        type: 3}
      propertyPath: m_LocalEulerAnglesHint.x
      value: 0
      objectReference: {fileID: 0}
    - target: {fileID: 4384901129825410847, guid: f8d094b201f66b241819d36737966d31,
        type: 3}
      propertyPath: m_LocalEulerAnglesHint.y
      value: 0
      objectReference: {fileID: 0}
    - target: {fileID: 4384901129825410847, guid: f8d094b201f66b241819d36737966d31,
        type: 3}
      propertyPath: m_LocalEulerAnglesHint.z
      value: 0
      objectReference: {fileID: 0}
    m_RemovedComponents: []
  m_SourcePrefab: {fileID: 100100000, guid: f8d094b201f66b241819d36737966d31, type: 3}
--- !u!4 &240752834225098429 stripped
Transform:
  m_CorrespondingSourceObject: {fileID: 4384901129825410847, guid: f8d094b201f66b241819d36737966d31,
    type: 3}
  m_PrefabInstance: {fileID: 4579350709418594722}
  m_PrefabAsset: {fileID: 0}
--- !u!1001 &6996475417233350918
PrefabInstance:
  m_ObjectHideFlags: 0
  serializedVersion: 2
  m_Modification:
    m_TransformParent: {fileID: 895966859631115577}
    m_Modifications:
    - target: {fileID: 4384901129825410835, guid: f8d094b201f66b241819d36737966d31,
        type: 3}
      propertyPath: m_Name
      value: Tree (3)
      objectReference: {fileID: 0}
    - target: {fileID: 4384901129825410847, guid: f8d094b201f66b241819d36737966d31,
        type: 3}
      propertyPath: m_LocalPosition.x
      value: 3.5
      objectReference: {fileID: 0}
    - target: {fileID: 4384901129825410847, guid: f8d094b201f66b241819d36737966d31,
        type: 3}
      propertyPath: m_LocalPosition.y
      value: 0
      objectReference: {fileID: 0}
    - target: {fileID: 4384901129825410847, guid: f8d094b201f66b241819d36737966d31,
        type: 3}
      propertyPath: m_LocalPosition.z
      value: 6.5
      objectReference: {fileID: 0}
    - target: {fileID: 4384901129825410847, guid: f8d094b201f66b241819d36737966d31,
        type: 3}
      propertyPath: m_LocalRotation.x
      value: -0
      objectReference: {fileID: 0}
    - target: {fileID: 4384901129825410847, guid: f8d094b201f66b241819d36737966d31,
        type: 3}
      propertyPath: m_LocalRotation.y
      value: -0
      objectReference: {fileID: 0}
    - target: {fileID: 4384901129825410847, guid: f8d094b201f66b241819d36737966d31,
        type: 3}
      propertyPath: m_LocalRotation.z
      value: -0
      objectReference: {fileID: 0}
    - target: {fileID: 4384901129825410847, guid: f8d094b201f66b241819d36737966d31,
        type: 3}
      propertyPath: m_LocalRotation.w
      value: 1
      objectReference: {fileID: 0}
    - target: {fileID: 4384901129825410847, guid: f8d094b201f66b241819d36737966d31,
        type: 3}
      propertyPath: m_RootOrder
      value: 5
      objectReference: {fileID: 0}
    - target: {fileID: 4384901129825410847, guid: f8d094b201f66b241819d36737966d31,
        type: 3}
      propertyPath: m_LocalEulerAnglesHint.x
      value: 0
      objectReference: {fileID: 0}
    - target: {fileID: 4384901129825410847, guid: f8d094b201f66b241819d36737966d31,
        type: 3}
      propertyPath: m_LocalEulerAnglesHint.y
      value: 0
      objectReference: {fileID: 0}
    - target: {fileID: 4384901129825410847, guid: f8d094b201f66b241819d36737966d31,
        type: 3}
      propertyPath: m_LocalEulerAnglesHint.z
      value: 0
      objectReference: {fileID: 0}
    m_RemovedComponents: []
  m_SourcePrefab: {fileID: 100100000, guid: f8d094b201f66b241819d36737966d31, type: 3}
--- !u!4 &6756020711724269081 stripped
Transform:
  m_CorrespondingSourceObject: {fileID: 4384901129825410847, guid: f8d094b201f66b241819d36737966d31,
    type: 3}
  m_PrefabInstance: {fileID: 6996475417233350918}
  m_PrefabAsset: {fileID: 0}
