%YAML 1.1
%TAG !u! tag:unity3d.com,2011:
--- !u!114 &4634091479142412483
MonoBehaviour:
  m_ObjectHideFlags: 0
  m_CorrespondingSourceObject: {fileID: 0}
  m_PrefabInstance: {fileID: 0}
  m_PrefabAsset: {fileID: 0}
  m_GameObject: {fileID: 1365372072172786210}
  m_Enabled: 1
  m_EditorHideFlags: 0
  m_Script: {fileID: 11500000, guid: fcb9df0457272bc4c9ae3ecfda5e4aa7, type: 3}
  m_Name: 
  m_EditorClassIdentifier: 
  targetRenderer: 1
  alphaValue: 0.7
--- !u!114 &8515305112814762531
MonoBehaviour:
  m_ObjectHideFlags: 0
  m_CorrespondingSourceObject: {fileID: 0}
  m_PrefabInstance: {fileID: 0}
  m_PrefabAsset: {fileID: 0}
  m_GameObject: {fileID: 6682750396224894081}
  m_Enabled: 1
  m_EditorHideFlags: 0
  m_Script: {fileID: 11500000, guid: fcb9df0457272bc4c9ae3ecfda5e4aa7, type: 3}
  m_Name: 
  m_EditorClassIdentifier: 
  targetRenderer: 0
  alphaValue: 0.7
--- !u!1 &7230493893760871426
GameObject:
  m_ObjectHideFlags: 0
  m_CorrespondingSourceObject: {fileID: 0}
  m_PrefabInstance: {fileID: 0}
  m_PrefabAsset: {fileID: 0}
  serializedVersion: 6
  m_Component:
  - component: {fileID: 7230493893760871486}
  - component: {fileID: 7230493893760871487}
  - component: {fileID: 7230493893760871424}
  - component: {fileID: 4481256306910495267}
  - component: {fileID: -8764244805615539851}
  - component: {fileID: -2531161703870818992}
  - component: {fileID: -2128568477073469172}
  - component: {fileID: -4178518695459937455}
  m_Layer: 0
  m_Name: Zombie_Spear
  m_TagString: Unit
  m_Icon: {fileID: 0}
  m_NavMeshLayer: 0
  m_StaticEditorFlags: 0
  m_IsActive: 1
--- !u!4 &7230493893760871486
Transform:
  m_ObjectHideFlags: 0
  m_CorrespondingSourceObject: {fileID: 0}
  m_PrefabInstance: {fileID: 0}
  m_PrefabAsset: {fileID: 0}
  m_GameObject: {fileID: 7230493893760871426}
  m_LocalRotation: {x: 0, y: 0, z: 0, w: 1}
  m_LocalPosition: {x: 0, y: 0, z: 0}
  m_LocalScale: {x: 1, y: 1, z: 1}
  m_Children:
  - {fileID: 325565367684442479}
  - {fileID: 2485851536779312420}
  m_Father: {fileID: 0}
  m_RootOrder: 0
  m_LocalEulerAnglesHint: {x: 0, y: 0, z: 0}
--- !u!33 &7230493893760871487
MeshFilter:
  m_ObjectHideFlags: 0
  m_CorrespondingSourceObject: {fileID: 0}
  m_PrefabInstance: {fileID: 0}
  m_PrefabAsset: {fileID: 0}
  m_GameObject: {fileID: 7230493893760871426}
  m_Mesh: {fileID: 10202, guid: 0000000000000000e000000000000000, type: 0}
--- !u!65 &7230493893760871424
BoxCollider:
  m_ObjectHideFlags: 0
  m_CorrespondingSourceObject: {fileID: 0}
  m_PrefabInstance: {fileID: 0}
  m_PrefabAsset: {fileID: 0}
  m_GameObject: {fileID: 7230493893760871426}
  m_Material: {fileID: 0}
  m_IsTrigger: 0
  m_Enabled: 1
  serializedVersion: 2
  m_Size: {x: 0.9, y: 2, z: 0.9}
  m_Center: {x: 0, y: 1, z: 0}
--- !u!114 &4481256306910495267
MonoBehaviour:
  m_ObjectHideFlags: 0
  m_CorrespondingSourceObject: {fileID: 0}
  m_PrefabInstance: {fileID: 0}
  m_PrefabAsset: {fileID: 0}
  m_GameObject: {fileID: 7230493893760871426}
  m_Enabled: 1
  m_EditorHideFlags: 0
  m_Script: {fileID: 11500000, guid: 18e885c7708d864448cd59c11781223c, type: 3}
  m_Name: 
  m_EditorClassIdentifier: 
  affiliation: 0
  unitType: Spear
  healthPoints: 1
  resurrectionCost: 2
  posX: 0
  posZ: 0
  target: {fileID: 0}
  targetPos: {x: 0, y: 0, z: 0}
  waitingForNextInstruction: 1
  attackCounter: 0
  targeter: {fileID: 0}
  ability_Cost: 1
  ready_Ability: 0
  abilityTarget: {fileID: 0}
  tX: 0
  tZ: 0
  abilityIndicator_Prefab: {fileID: 3243838264591982541, guid: e17baa5789aeb4f41abe13ad29d05555,
    type: 3}
  abilityIndicator: {fileID: 0}
  legalMat: {fileID: 2100000, guid: 32f27e60e5129f845b293bb5baa69b48, type: 2}
  illegalMat: {fileID: 2100000, guid: 76d1758757e870f43989d01b7d38da10, type: 2}
  anim: {fileID: 0}
  p: {fileID: 0}
  gm: {fileID: 0}
  hookSpotTile_Prefab: {fileID: 5391623004062553946, guid: 44926b83cbfb05c4f8128c11fb030913,
    type: 3}
  pullSpeed: 2
  pullTime: 3
--- !u!54 &-8764244805615539851
Rigidbody:
  m_ObjectHideFlags: 0
  m_CorrespondingSourceObject: {fileID: 0}
  m_PrefabInstance: {fileID: 0}
  m_PrefabAsset: {fileID: 0}
  m_GameObject: {fileID: 7230493893760871426}
  serializedVersion: 2
  m_Mass: 1
  m_Drag: 0
  m_AngularDrag: 0.05
  m_UseGravity: 0
  m_IsKinematic: 1
  m_Interpolate: 0
  m_Constraints: 0
  m_CollisionDetection: 0
--- !u!114 &-2531161703870818992
MonoBehaviour:
  m_ObjectHideFlags: 0
  m_CorrespondingSourceObject: {fileID: 0}
  m_PrefabInstance: {fileID: 0}
  m_PrefabAsset: {fileID: 0}
  m_GameObject: {fileID: 7230493893760871426}
  m_Enabled: 1
  m_EditorHideFlags: 0
  m_Script: {fileID: 11500000, guid: aa75e811de6dbe840882d768a8b30d37, type: 3}
  m_Name: 
  m_EditorClassIdentifier: 
  isMoving: 0
--- !u!120 &-2128568477073469172
LineRenderer:
  m_ObjectHideFlags: 0
  m_CorrespondingSourceObject: {fileID: 0}
  m_PrefabInstance: {fileID: 0}
  m_PrefabAsset: {fileID: 0}
  m_GameObject: {fileID: 7230493893760871426}
  m_Enabled: 1
  m_CastShadows: 0
  m_ReceiveShadows: 0
  m_DynamicOccludee: 1
  m_MotionVectors: 0
  m_LightProbeUsage: 0
  m_ReflectionProbeUsage: 0
  m_RayTracingMode: 0
  m_RayTraceProcedural: 0
  m_RenderingLayerMask: 1
  m_RendererPriority: 0
  m_Materials:
  - {fileID: 2100000, guid: ac91e543efcc78e43bec109eb9265463, type: 2}
  m_StaticBatchInfo:
    firstSubMesh: 0
    subMeshCount: 0
  m_StaticBatchRoot: {fileID: 0}
  m_ProbeAnchor: {fileID: 0}
  m_LightProbeVolumeOverride: {fileID: 0}
  m_ScaleInLightmap: 1
  m_ReceiveGI: 1
  m_PreserveUVs: 0
  m_IgnoreNormalsForChartDetection: 0
  m_ImportantGI: 0
  m_StitchLightmapSeams: 1
  m_SelectedEditorRenderState: 3
  m_MinimumChartSize: 4
  m_AutoUVMaxDistance: 0.5
  m_AutoUVMaxAngle: 89
  m_LightmapParameters: {fileID: 0}
  m_SortingLayerID: 0
  m_SortingLayer: 0
  m_SortingOrder: 0
  m_Positions:
  - {x: 0, y: 0, z: 0}
  - {x: 0, y: 0, z: 1}
  m_Parameters:
    serializedVersion: 3
    widthMultiplier: 1
    widthCurve:
      serializedVersion: 2
      m_Curve:
      - serializedVersion: 3
        time: 0
        value: 0.03977394
        inSlope: -0.31678444
        outSlope: -0.31678444
        tangentMode: 0
        weightedMode: 0
        inWeight: 0.33333334
        outWeight: 0.34904394
      m_PreInfinity: 2
      m_PostInfinity: 2
      m_RotationOrder: 4
    colorGradient:
      serializedVersion: 2
      key0: {r: 0, g: 0.9167206, b: 1, a: 1}
      key1: {r: 1, g: 1, b: 1, a: 1}
      key2: {r: 0, g: 0, b: 0, a: 0}
      key3: {r: 0, g: 0, b: 0, a: 0}
      key4: {r: 0, g: 0, b: 0, a: 0}
      key5: {r: 0, g: 0, b: 0, a: 0}
      key6: {r: 0, g: 0, b: 0, a: 0}
      key7: {r: 0, g: 0, b: 0, a: 0}
      ctime0: 24479
      ctime1: 36623
      ctime2: 0
      ctime3: 0
      ctime4: 0
      ctime5: 0
      ctime6: 0
      ctime7: 0
      atime0: 0
      atime1: 65535
      atime2: 0
      atime3: 0
      atime4: 0
      atime5: 0
      atime6: 0
      atime7: 0
      m_Mode: 0
      m_NumColorKeys: 2
      m_NumAlphaKeys: 2
    numCornerVertices: 0
    numCapVertices: 0
    alignment: 0
    textureMode: 0
    shadowBias: 0.5
    generateLightingData: 0
  m_UseWorldSpace: 1
  m_Loop: 0
--- !u!114 &-4178518695459937455
MonoBehaviour:
  m_ObjectHideFlags: 0
  m_CorrespondingSourceObject: {fileID: 0}
  m_PrefabInstance: {fileID: 0}
  m_PrefabAsset: {fileID: 0}
  m_GameObject: {fileID: 7230493893760871426}
  m_Enabled: 1
  m_EditorHideFlags: 0
  m_Script: {fileID: 11500000, guid: bc564847958be074b9f7235397ee061f, type: 3}
  m_Name: 
  m_EditorClassIdentifier: 
  target: {fileID: 0}
  pathData:
  - {x: 0, y: 0, z: 0}
  - {x: 0, y: 0, z: 0}
  - {x: 0, y: 0, z: 0}
  - {x: 0, y: 0, z: 0}
  - {x: 0, y: 0, z: 0}
  - {x: 0, y: 0, z: 0}
  - {x: 0, y: 0, z: 0}
  - {x: 0, y: 0, z: 0}
  - {x: 0, y: 0, z: 0}
  - {x: 0, y: 0, z: 0}
  - {x: 0, y: 0, z: 0}
  - {x: 0, y: 0, z: 0}
  - {x: 0, y: 0, z: 0}
  - {x: 0, y: 0, z: 0}
  - {x: 0, y: 0, z: 0}
  - {x: 0, y: 0, z: 0}
  - {x: 0, y: 0, z: 0}
  - {x: 0, y: 0, z: 0}
  - {x: 0, y: 0, z: 0}
  - {x: 0, y: 0, z: 0}
  visualisationData:
  - {x: 0, y: 0, z: 0}
  - {x: 0, y: 0, z: 0}
  - {x: 0, y: 0, z: 0}
  - {x: 0, y: 0, z: 0}
  - {x: 0, y: 0, z: 0}
  - {x: 0, y: 0, z: 0}
  - {x: 0, y: 0, z: 0}
  - {x: 0, y: 0, z: 0}
  - {x: 0, y: 0, z: 0}
  - {x: 0, y: 0, z: 0}
  - {x: 0, y: 0, z: 0}
  - {x: 0, y: 0, z: 0}
  - {x: 0, y: 0, z: 0}
  - {x: 0, y: 0, z: 0}
  - {x: 0, y: 0, z: 0}
  - {x: 0, y: 0, z: 0}
  - {x: 0, y: 0, z: 0}
  - {x: 0, y: 0, z: 0}
  - {x: 0, y: 0, z: 0}
  - {x: 0, y: 0, z: 0}
  targetX: 99
  targetZ: 99
  targetPos: {x: 0, y: 0, z: 0}
  currentX: 99
  currentZ: 99
  currentPos: {x: 0, y: 0, z: 0}
  calcX: 99
  calcZ: 99
  calcPos: {x: 0, y: 0, z: 0}
  moveProxy: {fileID: 0}
--- !u!1001 &4755263771299644021
PrefabInstance:
  m_ObjectHideFlags: 0
  serializedVersion: 2
  m_Modification:
    m_TransformParent: {fileID: 7230493893760871486}
    m_Modifications:
    - target: {fileID: -8295196342602200802, guid: 7189050227b83a1439cd42704d9545af,
        type: 3}
      propertyPath: m_Materials.Array.data[0]
      value: 
      objectReference: {fileID: 2100000, guid: ac91e543efcc78e43bec109eb9265463, type: 2}
    - target: {fileID: -6057140222963153312, guid: 7189050227b83a1439cd42704d9545af,
        type: 3}
      propertyPath: m_Controller
      value: 
      objectReference: {fileID: 9100000, guid: a86ed8025df9d16458b145cc834569c7, type: 2}
    - target: {fileID: -4216859302048453862, guid: 7189050227b83a1439cd42704d9545af,
        type: 3}
      propertyPath: m_LocalPosition.x
      value: 0
      objectReference: {fileID: 0}
    - target: {fileID: -4216859302048453862, guid: 7189050227b83a1439cd42704d9545af,
        type: 3}
      propertyPath: m_LocalPosition.y
      value: -0.079
      objectReference: {fileID: 0}
    - target: {fileID: -4216859302048453862, guid: 7189050227b83a1439cd42704d9545af,
        type: 3}
      propertyPath: m_LocalPosition.z
      value: 0
      objectReference: {fileID: 0}
    - target: {fileID: -4216859302048453862, guid: 7189050227b83a1439cd42704d9545af,
        type: 3}
      propertyPath: m_LocalRotation.x
      value: 0
      objectReference: {fileID: 0}
    - target: {fileID: -4216859302048453862, guid: 7189050227b83a1439cd42704d9545af,
        type: 3}
      propertyPath: m_LocalRotation.y
      value: 0
      objectReference: {fileID: 0}
    - target: {fileID: -4216859302048453862, guid: 7189050227b83a1439cd42704d9545af,
        type: 3}
      propertyPath: m_LocalRotation.z
      value: 0
      objectReference: {fileID: 0}
    - target: {fileID: -4216859302048453862, guid: 7189050227b83a1439cd42704d9545af,
        type: 3}
      propertyPath: m_LocalRotation.w
      value: 1
      objectReference: {fileID: 0}
    - target: {fileID: -4216859302048453862, guid: 7189050227b83a1439cd42704d9545af,
        type: 3}
      propertyPath: m_RootOrder
      value: 0
      objectReference: {fileID: 0}
    - target: {fileID: -4216859302048453862, guid: 7189050227b83a1439cd42704d9545af,
        type: 3}
      propertyPath: m_LocalEulerAnglesHint.x
      value: 0
      objectReference: {fileID: 0}
    - target: {fileID: -4216859302048453862, guid: 7189050227b83a1439cd42704d9545af,
        type: 3}
      propertyPath: m_LocalEulerAnglesHint.y
      value: 0
      objectReference: {fileID: 0}
    - target: {fileID: -4216859302048453862, guid: 7189050227b83a1439cd42704d9545af,
        type: 3}
      propertyPath: m_LocalEulerAnglesHint.z
      value: 0
      objectReference: {fileID: 0}
    - target: {fileID: -927199367670048503, guid: 7189050227b83a1439cd42704d9545af,
        type: 3}
      propertyPath: m_Name
      value: zLancer_Idle_01
      objectReference: {fileID: 0}
    - target: {fileID: -135972579220929086, guid: 7189050227b83a1439cd42704d9545af,
        type: 3}
      propertyPath: m_Materials.Array.data[0]
      value: 
      objectReference: {fileID: 2100000, guid: ac91e543efcc78e43bec109eb9265463, type: 2}
    m_RemovedComponents: []
  m_SourcePrefab: {fileID: 100100000, guid: 7189050227b83a1439cd42704d9545af, type: 3}
--- !u!4 &325565367684442479 stripped
Transform:
  m_CorrespondingSourceObject: {fileID: -4216859302048453862, guid: 7189050227b83a1439cd42704d9545af,
    type: 3}
  m_PrefabInstance: {fileID: 4755263771299644021}
  m_PrefabAsset: {fileID: 0}
--- !u!1 &1365372072172786210 stripped
GameObject:
  m_CorrespondingSourceObject: {fileID: 5984388485589536855, guid: 7189050227b83a1439cd42704d9545af,
    type: 3}
  m_PrefabInstance: {fileID: 4755263771299644021}
  m_PrefabAsset: {fileID: 0}
--- !u!1 &6682750396224894081 stripped
GameObject:
  m_CorrespondingSourceObject: {fileID: -7114577863419070732, guid: 7189050227b83a1439cd42704d9545af,
    type: 3}
  m_PrefabInstance: {fileID: 4755263771299644021}
  m_PrefabAsset: {fileID: 0}
--- !u!1001 &5741824985518142212
PrefabInstance:
  m_ObjectHideFlags: 0
  serializedVersion: 2
  m_Modification:
    m_TransformParent: {fileID: 7230493893760871486}
    m_Modifications:
    - target: {fileID: 5391623004062553946, guid: 44926b83cbfb05c4f8128c11fb030913,
        type: 3}
      propertyPath: m_Name
      value: GridTile
      objectReference: {fileID: 0}
    - target: {fileID: 7912978109535850016, guid: 44926b83cbfb05c4f8128c11fb030913,
        type: 3}
      propertyPath: m_LocalPosition.x
      value: 0
      objectReference: {fileID: 0}
    - target: {fileID: 7912978109535850016, guid: 44926b83cbfb05c4f8128c11fb030913,
        type: 3}
      propertyPath: m_LocalPosition.y
      value: 0.01
      objectReference: {fileID: 0}
    - target: {fileID: 7912978109535850016, guid: 44926b83cbfb05c4f8128c11fb030913,
        type: 3}
      propertyPath: m_LocalPosition.z
      value: 0
      objectReference: {fileID: 0}
    - target: {fileID: 7912978109535850016, guid: 44926b83cbfb05c4f8128c11fb030913,
        type: 3}
      propertyPath: m_LocalRotation.x
      value: 0.7071068
      objectReference: {fileID: 0}
    - target: {fileID: 7912978109535850016, guid: 44926b83cbfb05c4f8128c11fb030913,
        type: 3}
      propertyPath: m_LocalRotation.y
      value: -0
      objectReference: {fileID: 0}
    - target: {fileID: 7912978109535850016, guid: 44926b83cbfb05c4f8128c11fb030913,
        type: 3}
      propertyPath: m_LocalRotation.z
      value: -0
      objectReference: {fileID: 0}
    - target: {fileID: 7912978109535850016, guid: 44926b83cbfb05c4f8128c11fb030913,
        type: 3}
      propertyPath: m_LocalRotation.w
      value: 0.7071068
      objectReference: {fileID: 0}
    - target: {fileID: 7912978109535850016, guid: 44926b83cbfb05c4f8128c11fb030913,
        type: 3}
      propertyPath: m_RootOrder
      value: 1
      objectReference: {fileID: 0}
    - target: {fileID: 7912978109535850016, guid: 44926b83cbfb05c4f8128c11fb030913,
        type: 3}
      propertyPath: m_LocalEulerAnglesHint.x
      value: 90
      objectReference: {fileID: 0}
    - target: {fileID: 7912978109535850016, guid: 44926b83cbfb05c4f8128c11fb030913,
        type: 3}
      propertyPath: m_LocalEulerAnglesHint.y
      value: 0
      objectReference: {fileID: 0}
    - target: {fileID: 7912978109535850016, guid: 44926b83cbfb05c4f8128c11fb030913,
        type: 3}
      propertyPath: m_LocalEulerAnglesHint.z
      value: 0
      objectReference: {fileID: 0}
    m_RemovedComponents: []
  m_SourcePrefab: {fileID: 100100000, guid: 44926b83cbfb05c4f8128c11fb030913, type: 3}
--- !u!4 &2485851536779312420 stripped
Transform:
  m_CorrespondingSourceObject: {fileID: 7912978109535850016, guid: 44926b83cbfb05c4f8128c11fb030913,
    type: 3}
  m_PrefabInstance: {fileID: 5741824985518142212}
  m_PrefabAsset: {fileID: 0}
